|0000|010|0|01012024|31122024|EMPRESA TESTE LTDA|12345678000195|MG|1234567|0|0|
|0001|0|
|0005|12345678000195|EMPRESA TESTE LTDA|MG|12|12345678|1234|
|0100|CONTABILIDADE TESTE|123456|MG|12345678000195|
|0150|001|EMPRESA TESTE LTDA|12345678000195|MG|PESSOA JURIDICA|
|0990|4|
|9001|0|
|9990|2|
|9999|6|
